@article{LDAslides,
 author = {Christian Igel},
 title = {Teaching material. Linear Classification Statistical Methods for Machine Learning},
 month = {February},
 year = {2011},
}
@MISC{Wu07doi10.1007/s10115-007-0114-2,
    author = {Xindong Wu and Vipin Kumar and J. Ross and Quinlan Joydeep and Ghosh Qiang Yang and Hiroshi Motoda and Geoffrey J. Mclachlan and Angus Ng and Bing Liu and Philip S. Yu and Dan Steinberg and X. Wu (b and V. Kumar and J. Ross Quinlan and J. Ghosh and Q. Yang and H. Motoda},
    title = {DOI 10.1007/s10115-007-0114-2 SURVEY PAPER Top 10 algorithms in data mining},
    year = {2007}
}                
@article{assignment,
 author = {Christian Igel and Kim Steenstrup Pedersen},
 title = {Statistical Methods for Machine Learning. Final Exam Assignment. Recognition of Traffic Signs.},
 month = {March},
 year = {2011},
}
@article{assignment2,
 author = {Christian Igel and Kim Steenstrup Pedersen},
 title = {Assignment 2: Basic Learning Algorithms},
 month = {February},
 year = {2011},
}
@article{assignment3,
 author = {Christian Igel and Kim Steenstrup Pedersen},
 title = {Assignment 3: Neural Networks and Support Vectpr Machines},
 month = {March},
 year = {2011},
}
@article{DBLP:journals/corr/abs-0804-4809,
  author    = {Pierre Courrieu},
  title     = {Fast Computation of Moore-Penrose Inverse Matrices},
  journal   = {CoRR},
  volume    = {abs/0804.4809},
  year      = {2008},
  ee        = {http://arxiv.org/abs/0804.4809},
  bibsource = {DBLP, http://dblp.uni-trier.de}
}                        
@url{resultsURL,
  author    = {\url{http://benchmark.ini.rub.de/index.php?section=results}},
  month     = {april},
  year      = {2011}
}
@url{dataURL,
  author    = {\url{http://benchmark.ini.rub.de/index.php?section=dataset}},
  month     = {april},
  year      = {2011}
}
@url{hunch,
  author    = {\url{http://hunch.net/?p=22}},
  month     = {april},
  year      = {2011}
}
@url{libsvm,
  author    = {\url{http://www.csie.ntu.edu.tw/~cjlin/libsvm/#matlab}},
  month     = {april},
  year      = {2011}
}
@book{Bishop:2006:PRM:1162264,
 author = {Bishop, Christopher M.},
 title = {Pattern Recognition and Machine Learning (Information Science and Statistics)},
 year = {2006},
 isbn = {0387310738},
 publisher = {Springer-Verlag New York, Inc.},
 address = {Secaucus, NJ, USA},
}



